@article{Pratt75,
author = {Pratt, Vaughan R.},
title = {Every Prime Has a Succinct Certificate},
journal = {SIAM Journal on Computing},
volume = {4},
number = {3},
pages = {214-220},
year = {1975},
doi = {10.1137/0204018},
URL = { 
        https://doi.org/10.1137/0204018
},
eprint = { 
        https://doi.org/10.1137/0204018}
}

@INPROCEEDINGS{AB99,  
author={Agrawal, M. and Biswas, S.}, 
booktitle={40th Annual Symposium on Foundations of Computer Science (Cat. No.99CB37039)},   title={Primality and identity testing via Chinese remaindering},   year={1999},  volume={},  number={},  pages={202-208},
doi={10.1109/SFFCS.1999.814592}
}

@article{AKS02,
	author = {Agrawal, Manindra and Kayal, Neeraj and Saxena, Nitin},
	year = {2002},
	month = {09},
	pages = {},
	title = {Primes is in P},
	volume = {160},
	journal = {Annals of Mathematics},
	doi = {10.4007/annals.2004.160.781}
}